<?xml version="1.0" encoding="UTF-8"?>
<Document xmlns="urn:iso:std:iso:20022:tech:xsd:camt.053.001.04" xmlns:xsi="http://www.w3.org/2001/XMLSchema-instance" xsi:schemaLocation="urn:iso:std:iso:20022:tech:xsd:camt.053.001.04 camt.053.001.04.xsd">
    <BkToCstmrStmt>
        <GrpHdr>
            <MsgId>20211231375204743757797</MsgId>
            <CreDtTm>2022-01-01T05:13:06</CreDtTm>
            <MsgPgntn>
                <PgNb>1</PgNb>
                <LastPgInd>true</LastPgInd>
            </MsgPgntn>
            <AddtlInf>SPS/1.7/PROD</AddtlInf>
        </GrpHdr>
        <Stmt>
            <Id>20220101375204743757877</Id>
            <ElctrncSeqNb>260</ElctrncSeqNb>
            <CreDtTm>2022-01-01T05:13:06</CreDtTm>
            <FrToDt>
                <FrDtTm>2021-12-27T00:00:00</FrDtTm>
                <ToDtTm>2021-12-31T23:59:59</ToDtTm>
            </FrToDt>
            <Acct>
                <Id>
                    <IBAN>CH4989144796212751755</IBAN>
                </Id>
                <Ownr>
                    <Nm>Sample X.</Nm>
                </Ownr>
            </Acct>
            <Bal>
                <Tp>
                    <CdOrPrtry>
                        <Cd>OPBD</Cd>
                    </CdOrPrtry>
                </Tp>
                <Amt Ccy="CHF">19674.52</Amt>
                <CdtDbtInd>CRDT</CdtDbtInd>
                <Dt>
                    <Dt>2021-12-27</Dt>
                </Dt>
            </Bal>
            <Bal>
                <Tp>
                    <CdOrPrtry>
                        <Cd>CLBD</Cd>
                    </CdOrPrtry>
                </Tp>
                <Amt Ccy="CHF">22744.81</Amt>
                <CdtDbtInd>CRDT</CdtDbtInd>
                <Dt>
                    <Dt>2021-12-31</Dt>
                </Dt>
            </Bal>
            <Bal>
                <Tp>
                    <CdOrPrtry>
                        <Cd>CLAV</Cd>
                    </CdOrPrtry>
                </Tp>
                <Amt Ccy="CHF">22744.81</Amt>
                <CdtDbtInd>CRDT</CdtDbtInd>
                <Dt>
                    <Dt>2021-12-31</Dt>
                </Dt>
            </Bal>
            <Ntry>
                <Amt Ccy="CHF">6.60</Amt>
                <CdtDbtInd>DBIT</CdtDbtInd>
                <RvslInd>false</RvslInd>
                <Sts>BOOK</Sts>
                <BookgDt>
                    <Dt>2021-12-27</Dt>
                </BookgDt>
                <ValDt>
                    <Dt>2021-12-27</Dt>
                </ValDt>
                <AcctSvcrRef>3611200022EP259K</AcctSvcrRef>
                <BkTxCd>
                    <Domn>
                        <Cd>PMNT</Cd>
                        <Fmly>
                            <Cd>ICDT</Cd>
                            <SubFmlyCd>DMCT</SubFmlyCd>
                        </Fmly>
                    </Domn>
                </BkTxCd>
                <NtryDtls>
                    <TxDtls>
                        <Refs>
                            <AcctSvcrRef>25-499870665-1</AcctSvcrRef>
                            <PmtInfId>25:499870664</PmtInfId>
                            <InstrId>20211226000800982715904</InstrId>
                        </Refs>
                        <Amt Ccy="CHF">6.60</Amt>
                        <CdtDbtInd>DBIT</CdtDbtInd>
                        <BkTxCd>
                            <Domn>
                                <Cd>PMNT</Cd>
                                <Fmly>
                                    <Cd>ICDT</Cd>
                                    <SubFmlyCd>DMCT</SubFmlyCd>
                                </Fmly>
                            </Domn>
                        </BkTxCd>
                        <RltdPties>
                            <Cdtr>
                                <Nm>Hans Muster</Nm>
                                <PstlAdr>
                                    <StrtNm>Strassenweg 1</StrtNm>
                                    <PstCd>1234</PstCd>
                                    <TwnNm>Stadtstadt</TwnNm>
                                    <Ctry>CH</Ctry>
                                </PstlAdr>
                            </Cdtr>
                            <CdtrAcct>
                                <Id>
                                    <IBAN>CH4489144153415428144</IBAN>
                                </Id>
                            </CdtrAcct>
                        </RltdPties>
                        <RltdAgts>
                            <CdtrAgt>
                                <FinInstnId>
                                    <BICFI>RAIFCH22XXX</BICFI>
                                    <Nm>Raiffeisen</Nm>
                                    <PstlAdr>
                                        <Ctry>CH</Ctry>
                                        <AdrLine>Raiffeisenplatz</AdrLine>
                                        <AdrLine>9001 St. Gallen</AdrLine>
                                    </PstlAdr>
                                </FinInstnId>
                            </CdtrAgt>
                        </RltdAgts>
                        <RmtInf>
                            <Ustrd>Auktion</Ustrd>
                            <Strd>
                                <AddtlRmtInf>Glastisch</AddtlRmtInf>
                            </Strd>
                        </RmtInf>
                    </TxDtls>
                </NtryDtls>
                <AddtlNtryInf>LASTSCHRIFT Raiffeisen Raiffeisenplatz 9001 St. Gallen CH4489144153415428144 Hans Muster Strassenweg 1 1234 Stadtstadt SENDER REFERENZ: Auktion 20211226000800982715904</AddtlNtryInf>
            </Ntry>
            <Ntry>
                <Amt Ccy="CHF">2000.00</Amt>
                <CdtDbtInd>DBIT</CdtDbtInd>
                <RvslInd>false</RvslInd>
                <Sts>BOOK</Sts>
                <BookgDt>
                    <Dt>2021-12-27</Dt>
                </BookgDt>
                <ValDt>
                    <Dt>2021-12-27</Dt>
                </ValDt>
                <AcctSvcrRef>3611200082GEMPOK</AcctSvcrRef>
                <BkTxCd>
                    <Domn>
                        <Cd>PMNT</Cd>
                        <Fmly>
                            <Cd>ICDT</Cd>
                            <SubFmlyCd>DMCT</SubFmlyCd>
                        </Fmly>
                    </Domn>
                </BkTxCd>
                <NtryDtls>
                    <TxDtls>
                        <Refs>
                            <MsgId>25:500199370</MsgId>
                            <AcctSvcrRef>25-500192370-1</AcctSvcrRef>
                            <PmtInfId>SO:5324730</PmtInfId>
                        </Refs>
                        <Amt Ccy="CHF">3400.00</Amt>
                        <CdtDbtInd>DBIT</CdtDbtInd>
                        <BkTxCd>
                            <Domn>
                                <Cd>PMNT</Cd>
                                <Fmly>
                                    <Cd>ICDT</Cd>
                                    <SubFmlyCd>DMCT</SubFmlyCd>
                                </Fmly>
                            </Domn>
                        </BkTxCd>
                        <RltdPties>
                            <Cdtr>
                                <Nm>Anton Mustermann</Nm>
                                <PstlAdr>
                                    <Ctry>CH</Ctry>
                                    <AdrLine>Baumstrasse 11</AdrLine>
                                    <AdrLine>1235 Dorf</AdrLine>
                                </PstlAdr>
                            </Cdtr>
                            <CdtrAcct>
                                <Id>
                                    <IBAN>CH3589144289437792173</IBAN>
                                </Id>
                            </CdtrAcct>
                        </RltdPties>
                        <RltdAgts>
                            <CdtrAgt>
                                <FinInstnId>
                                    <ClrSysMmbId>
                                        <MmbId>790</MmbId>
                                    </ClrSysMmbId>
                                    <Nm>Berner Kantonalbank AG</Nm>
                                    <PstlAdr>
                                        <Ctry>CH</Ctry>
                                        <AdrLine>Bundesplatz 8 3001 Bern</AdrLine>
                                    </PstlAdr>
                                </FinInstnId>
                            </CdtrAgt>
                        </RltdAgts>
                        <RmtInf>
                            <Ustrd>Anzahlung</Ustrd>
                            <Strd>
                                <AddtlRmtInf>Anzahlung</AddtlRmtInf>
                            </Strd>
                        </RmtInf>
                    </TxDtls>
                </NtryDtls>
                <AddtlNtryInf>LASTSCHRIFT 90-5324730 Berner Kantonalbank AG Bundesplatz 8 3001 Bern CH3589144289437792173 Anton Mustermann Baumstrasse 11 1235 Dorf SENDER REFERENZ: Anzahlung</AddtlNtryInf>
            </Ntry>
            <Ntry>
                <Amt Ccy="CHF">11197.20</Amt>
                <CdtDbtInd>CRDT</CdtDbtInd>
                <RvslInd>false</RvslInd>
                <Sts>BOOK</Sts>
                <BookgDt>
                    <Dt>2021-12-28</Dt>
                </BookgDt>
                <ValDt>
                    <Dt>2021-12-28</Dt>
                </ValDt>
                <AcctSvcrRef>3621200082N3KPKK</AcctSvcrRef>
                <BkTxCd>
                    <Domn>
                        <Cd>PMNT</Cd>
                        <Fmly>
                            <Cd>RCDT</Cd>
                            <SubFmlyCd>AUTT</SubFmlyCd>
                        </Fmly>
                    </Domn>
                </BkTxCd>
                <NtryDtls>
                    <Btch>
                        <NbOfTxs>1</NbOfTxs>
                    </Btch>
                    <TxDtls>
                        <Refs>
                            <MsgId>1a065b2b76ef58b9fd98e702cfef2616</MsgId>
                            <AcctSvcrRef>211227CH082J3KPK</AcctSvcrRef>
                            <PmtInfId>00000000612108c4000000000835c980</PmtInfId>
                            <InstrId>61c9927a327167.57762229</InstrId>
                            <EndToEndId>8e1f0b056828eecaefaf65af5d6bf034</EndToEndId>
                            <Prtry>
                                <Tp>00</Tp>
                                <Ref>211227CH082N3DPK</Ref>
                            </Prtry>
                        </Refs>
                        <Amt Ccy="CHF">11197.20</Amt>
                        <CdtDbtInd>CRDT</CdtDbtInd>
                        <BkTxCd>
                            <Domn>
                                <Cd>PMNT</Cd>
                                <Fmly>
                                    <Cd>RCDT</Cd>
                                    <SubFmlyCd>AUTT</SubFmlyCd>
                                </Fmly>
                            </Domn>
                        </BkTxCd>
                        <RltdPties>
                            <Dbtr>
                                <Nm>Employer Company GmbH</Nm>
                                <PstlAdr>
                                    <StrtNm>Geldstrasse</StrtNm>
                                    <BldgNb>26</BldgNb>
                                    <PstCd>6789</PstCd>
                                    <TwnNm>Entenhausen</TwnNm>
                                    <Ctry>CH</Ctry>
                                </PstlAdr>
                            </Dbtr>
                            <DbtrAcct>
                                <Id>
                                    <IBAN>CH9789144658852145924</IBAN>
                                </Id>
                            </DbtrAcct>
                            <CdtrAcct>
                                <Id>
                                    <IBAN>CH4989144796212751755</IBAN>
                                </Id>
                            </CdtrAcct>
                        </RltdPties>
                        <RltdAgts>
                            <DbtrAgt>
                                <FinInstnId>
                                    <BICFI>POFICHBEXXX</BICFI>
                                    <Nm>POSTFINANCE AG</Nm>
                                    <PstlAdr>
                                        <AdrLine>MINGERSTRASSE20</AdrLine>
                                        <AdrLine>3030 BERN</AdrLine>
                                    </PstlAdr>
                                </FinInstnId>
                            </DbtrAgt>
                        </RltdAgts>
                        <Purp>
                            <Cd>SALA</Cd>
                        </Purp>
                        <RmtInf>
                            <Ustrd>Lohn 12/2021</Ustrd>
                            <Strd>
                                <AddtlRmtInf>?REJECT?0</AddtlRmtInf>
                                <AddtlRmtInf>?ERROR?000</AddtlRmtInf>
                            </Strd>
                        </RmtInf>
                        <RltdDts>
                            <AccptncDtTm>2021-12-28T20:00:00</AccptncDtTm>
                        </RltdDts>
                    </TxDtls>
                </NtryDtls>
                <AddtlNtryInf>GUTSCHRIFT CH9789144658852145924 ABSENDER: Employer Company GmbH Geldstrasse 27 6789 Entenhausen MITTEILUNGEN: Lohn 12/2021 REFERENZEN: 8e1f0b056828eecaefaf65af5d6bf034</AddtlNtryInf>
            </Ntry>
            <Ntry>
                <Amt Ccy="CHF">9.90</Amt>
                <CdtDbtInd>DBIT</CdtDbtInd>
                <RvslInd>false</RvslInd>
                <Sts>BOOK</Sts>
                <BookgDt>
                    <Dt>2021-12-28</Dt>
                </BookgDt>
                <ValDt>
                    <Dt>2021-12-28</Dt>
                </ValDt>
                <AcctSvcrRef>3621300838247418</AcctSvcrRef>
                <BkTxCd>
                    <Domn>
                        <Cd>PMNT</Cd>
                        <Fmly>
                            <Cd>CCRD</Cd>
                            <SubFmlyCd>POSD</SubFmlyCd>
                        </Fmly>
                    </Domn>
                </BkTxCd>
                <NtryDtls>
                    <TxDtls>
                        <Refs>
                            <AcctSvcrRef>3621300838247418</AcctSvcrRef>
                        </Refs>
                        <Amt Ccy="CHF">9.90</Amt>
                        <CdtDbtInd>DBIT</CdtDbtInd>
                    </TxDtls>
                </NtryDtls>
                <AddtlNtryInf>KAUF/ONLINE-SHOPPING VOM 28.12.2021 KARTEN NR. XXXX3723 MIGROS-GENOSSENSCHAFTS-BUND WWW.M-PLUS.CH PAYMENT ID 211228015121348136AC BESTELLNUMMER 16406527412723003</AddtlNtryInf>
            </Ntry>
            <Ntry>
                <Amt Ccy="CHF">48.50</Amt>
                <CdtDbtInd>DBIT</CdtDbtInd>
                <RvslInd>false</RvslInd>
                <Sts>BOOK</Sts>
                <BookgDt>
                    <Dt>2021-12-30</Dt>
                </BookgDt>
                <ValDt>
                    <Dt>2021-12-30</Dt>
                </ValDt>
                <AcctSvcrRef>3642302841439440</AcctSvcrRef>
                <BkTxCd>
                    <Domn>
                        <Cd>PMNT</Cd>
                        <Fmly>
                            <Cd>ICDT</Cd>
                            <SubFmlyCd>CAJT</SubFmlyCd>
                        </Fmly>
                    </Domn>
                </BkTxCd>
                <NtryDtls>
                    <TxDtls>
                        <Refs>
                            <AcctSvcrRef>3642302841439440</AcctSvcrRef>
                        </Refs>
                        <Amt Ccy="CHF">48.50</Amt>
                        <CdtDbtInd>DBIT</CdtDbtInd>
                    </TxDtls>
                </NtryDtls>
                <AddtlNtryInf>TWINT KAUF/DIENSTLEISTUNG VOM 30.12.2021 VON TELEFON-NR. +4179xxxxxxx BERGRESTAURANT ALP ALPENBLICK</AddtlNtryInf>
            </Ntry>
            <Ntry>
                <Amt Ccy="CHF">24.35</Amt>
                <CdtDbtInd>DBIT</CdtDbtInd>
                <RvslInd>false</RvslInd>
                <Sts>BOOK</Sts>
                <BookgDt>
                    <Dt>2021-12-31</Dt>
                </BookgDt>
                <ValDt>
                    <Dt>2021-12-31</Dt>
                </ValDt>
                <AcctSvcrRef>3652903056678078</AcctSvcrRef>
                <BkTxCd>
                    <Domn>
                        <Cd>PMNT</Cd>
                        <Fmly>
                            <Cd>RDDT</Cd>
                            <SubFmlyCd>PMDD</SubFmlyCd>
                        </Fmly>
                    </Domn>
                </BkTxCd>
                <NtryDtls>
                    <TxDtls>
                        <Refs>
                            <AcctSvcrRef>3652903056678078</AcctSvcrRef>
                        </Refs>
                        <Amt Ccy="CHF">24.35</Amt>
                        <CdtDbtInd>DBIT</CdtDbtInd>
                    </TxDtls>
                </NtryDtls>
                <AddtlNtryInf>AUFTRAG CH-DD-BASISLASTSCHRIFT ID-NR. DES ZAHLUNGSEMPFÄNGERS: 41101000000644888 REFERENZ-NR: 6300100022 ZAHLUNGSEMPFÄNGER: Swisscom (Schweiz) AG MITTEILUNGEN: WingoKundenummer 00000001Rgn.Datum  30.11.2021RgNr 0000000093831339 TRANSAKTIONS-ID: 202-59141231</AddtlNtryInf>
            </Ntry>
            <Ntry>
                <Amt Ccy="CHF">60.70</Amt>
                <CdtDbtInd>DBIT</CdtDbtInd>
                <RvslInd>false</RvslInd>
                <Sts>BOOK</Sts>
                <BookgDt>
                    <Dt>2021-12-31</Dt>
                </BookgDt>
                <ValDt>
                    <Dt>2021-12-31</Dt>
                </ValDt>
                <AcctSvcrRef>3651103012689721</AcctSvcrRef>
                <BkTxCd>
                    <Domn>
                        <Cd>PMNT</Cd>
                        <Fmly>
                            <Cd>RDDT</Cd>
                            <SubFmlyCd>PMDD</SubFmlyCd>
                        </Fmly>
                    </Domn>
                </BkTxCd>
                <NtryDtls>
                    <TxDtls>
                        <Refs>
                            <AcctSvcrRef>3651103012689721</AcctSvcrRef>
                        </Refs>
                        <Amt Ccy="CHF">60.70</Amt>
                        <CdtDbtInd>DBIT</CdtDbtInd>
                    </TxDtls>
                </NtryDtls>
                <AddtlNtryInf>AUFTRAG CH-DD-BASISLASTSCHRIFT ID-NR. DES ZAHLUNGSEMPFÄNGERS: 41101000000644888 REFERENZ-NR: 6300100022 ZAHLUNGSEMPFÄNGER: Swisscom (Schweiz) AG MITTEILUNGEN: WingoKundenummer 00000001Rgn.Datum  30.11.2021RgNr 00000000018312380 TRANSAKTIONS-ID: 202-59323633</AddtlNtryInf>
            </Ntry>
            <Ntry>
                <Amt Ccy="CHF">5.00</Amt>
                <CdtDbtInd>DBIT</CdtDbtInd>
                <RvslInd>false</RvslInd>
                <Sts>BOOK</Sts>
                <BookgDt>
                    <Dt>2021-12-31</Dt>
                </BookgDt>
                <ValDt>
                    <Dt>2021-12-31</Dt>
                </ValDt>
                <AcctSvcrRef>3651100146439367</AcctSvcrRef>
                <BkTxCd>
                    <Domn>
                        <Cd>ACMT</Cd>
                        <Fmly>
                            <Cd>MDOP</Cd>
                            <SubFmlyCd>CHRG</SubFmlyCd>
                        </Fmly>
                    </Domn>
                </BkTxCd>
                <NtryDtls>
                    <TxDtls>
                        <Refs>
                            <AcctSvcrRef>3651100146439367</AcctSvcrRef>
                        </Refs>
                        <Amt Ccy="CHF">5.00</Amt>
                        <CdtDbtInd>DBIT</CdtDbtInd>
                    </TxDtls>
                </NtryDtls>
                <AddtlNtryInf>PREIS FÜR BANKPAKET Superschlau 11.2021</AddtlNtryInf>
            </Ntry>
            <Ntry>
                <Amt Ccy="CHF">29.00</Amt>
                <CdtDbtInd>DBIT</CdtDbtInd>
                <RvslInd>false</RvslInd>
                <Sts>BOOK</Sts>
                <BookgDt>
                    <Dt>2021-12-31</Dt>
                </BookgDt>
                <ValDt>
                    <Dt>2021-12-31</Dt>
                </ValDt>
                <AcctSvcrRef>365120002ZMXDL6K</AcctSvcrRef>
                <BkTxCd>
                    <Domn>
                        <Cd>PMNT</Cd>
                        <Fmly>
                            <Cd>ICDT</Cd>
                            <SubFmlyCd>AUTT</SubFmlyCd>
                        </Fmly>
                    </Domn>
                </BkTxCd>
                <NtryDtls>
                    <TxDtls>
                        <Refs>
                            <MsgId>PIAc7d9d1ae64594d4fa9baf716c29d4949</MsgId>
                            <AcctSvcrRef>25-490833542-1</AcctSvcrRef>
                            <PmtInfId>PIB99e5ff8730924182fee3f23925696df5</PmtInfId>
                            <InstrId>AIDa0c191bba4b1440fb916583a836ce869</InstrId>
                            <EndToEndId>NOTPROVIDED</EndToEndId>
                        </Refs>
                        <Amt Ccy="CHF">29.00</Amt>
                        <CdtDbtInd>DBIT</CdtDbtInd>
                        <BkTxCd>
                            <Domn>
                                <Cd>PMNT</Cd>
                                <Fmly>
                                    <Cd>ICDT</Cd>
                                    <SubFmlyCd>AUTT</SubFmlyCd>
                                </Fmly>
                            </Domn>
                        </BkTxCd>
                        <RltdPties>
                            <Cdtr>
                                <Nm>M-Budget Mobile</Nm>
                                <PstlAdr>
                                    <AdrLine>Contact Center 3050 Bern</AdrLine>
                                </PstlAdr>
                            </Cdtr>
                            <CdtrAcct>
                                <Id>
                                    <Othr>
                                        <Id>010973211</Id>
                                    </Othr>
                                </Id>
                            </CdtrAcct>
                        </RltdPties>
                        <RmtInf>
                            <Strd>
                                <CdtrRefInf>
                                    <Tp>
                                        <CdOrPrtry>
                                            <Prtry>ESR</Prtry>
                                        </CdOrPrtry>
                                    </Tp>
                                    <Ref>000000406044059100823131942</Ref>
                                </CdtrRefInf>
                            </Strd>
                        </RmtInf>
                    </TxDtls>
                </NtryDtls>
                <AddtlNtryInf>ESR 01-97324-6 M-Budget Mobile Contact Center 3050 Bern</AddtlNtryInf>
            </Ntry>
            <Ntry>
                <Amt Ccy="CHF">130.00</Amt>
                <CdtDbtInd>CRDT</CdtDbtInd>
                <RvslInd>false</RvslInd>
                <Sts>BOOK</Sts>
                <BookgDt>
                    <Dt>2021-12-31</Dt>
                </BookgDt>
                <ValDt>
                    <Dt>2021-12-31</Dt>
                </ValDt>
                <AcctSvcrRef>3651200012P8KKWK</AcctSvcrRef>
                <BkTxCd>
                    <Domn>
                        <Cd>PMNT</Cd>
                        <Fmly>
                            <Cd>RCDT</Cd>
                            <SubFmlyCd>AUTT</SubFmlyCd>
                        </Fmly>
                    </Domn>
                </BkTxCd>
                <NtryDtls>
                    <Btch>
                        <NbOfTxs>1</NbOfTxs>
                    </Btch>
                    <TxDtls>
                        <Refs>
                            <MsgId>b613f6bd122d46b4904341abfb66fc18</MsgId>
                            <AcctSvcrRef>3651200012P8KKWK</AcctSvcrRef>
                            <PmtInfId>514bdf0dc76b4c31a369ca254ec433d1</PmtInfId>
                            <InstrId>PA-69343268-40ab-4b5f-b594-4022d5d6</InstrId>
                            <EndToEndId>PA-69343268-40ab-4b5f-b594-4022d5d6</EndToEndId>
                            <Prtry>
                                <Tp>00</Tp>
                                <Ref>211227CH021P8KKW</Ref>
                            </Prtry>
                        </Refs>
                        <Amt Ccy="CHF">130.00</Amt>
                        <CdtDbtInd>CRDT</CdtDbtInd>
                        <BkTxCd>
                            <Domn>
                                <Cd>PMNT</Cd>
                                <Fmly>
                                    <Cd>RCDT</Cd>
                                    <SubFmlyCd>AUTT</SubFmlyCd>
                                </Fmly>
                            </Domn>
                        </BkTxCd>
                        <RltdPties>
                            <Dbtr>
                                <Nm>FINANZVERWALTUNG KANTON BERN</Nm>
                                <PstlAdr>
                                    <StrtNm>Münsterplatz</StrtNm>
                                    <BldgNb>12</BldgNb>
                                    <PstCd>3011</PstCd>
                                    <TwnNm>Bern</TwnNm>
                                    <Ctry>CH</Ctry>
                                </PstlAdr>
                            </Dbtr>
                            <DbtrAcct>
                                <Id>
                                    <IBAN>CH1889144639225867395</IBAN>
                                </Id>
                            </DbtrAcct>
                            <CdtrAcct>
                                <Id>
                                    <IBAN>CH4989144796212751755</IBAN>
                                </Id>
                            </CdtrAcct>
                        </RltdPties>
                        <RltdAgts>
                            <DbtrAgt>
                                <FinInstnId>
                                    <BICFI>POFICHBE</BICFI>
                                    <Nm>POSTFINANCE AG</Nm>
                                    <PstlAdr>
                                        <AdrLine>MINGERSTRASSE20</AdrLine>
                                        <AdrLine>3030 BERN</AdrLine>
                                    </PstlAdr>
                                </FinInstnId>
                            </DbtrAgt>
                        </RltdAgts>
                        <Purp>
                            <Cd>SALA</Cd>
                        </Purp>
                        <RmtInf>
                            <Ustrd>LOHNAUSZAHLUNG FÜR DEZEMBER 2021</Ustrd>
                            <Strd>
                                <AddtlRmtInf>?REJECT?0</AddtlRmtInf>
                                <AddtlRmtInf>?ERROR?000</AddtlRmtInf>
                            </Strd>
                        </RmtInf>
                        <RltdDts>
                            <AccptncDtTm>2021-12-31T20:00:00</AccptncDtTm>
                        </RltdDts>
                    </TxDtls>
                </NtryDtls>
                <AddtlNtryInf>GUTSCHRIFT CH4989144796212751755 ABSENDER: FINANZVERWALTUNG KANTON BERN Münsterplatz 12 3011 Bern MITTEILUNGEN: LOHNAUSZAHLUNG FÜR DEZEMBER 2021 REFERENZEN: PA-69343268-40ab-4b5f-b594-4022d5d6</AddtlNtryInf>
            </Ntry>
            <Ntry>
                <Amt Ccy="CHF">9.20</Amt>
                <CdtDbtInd>DBIT</CdtDbtInd>
                <RvslInd>false</RvslInd>
                <Sts>BOOK</Sts>
                <BookgDt>
                    <Dt>2021-12-31</Dt>
                </BookgDt>
                <ValDt>
                    <Dt>2021-12-31</Dt>
                </ValDt>
                <AcctSvcrRef>3651300843426178</AcctSvcrRef>
                <BkTxCd>
                    <Domn>
                        <Cd>PMNT</Cd>
                        <Fmly>
                            <Cd>ICDT</Cd>
                            <SubFmlyCd>CAJT</SubFmlyCd>
                        </Fmly>
                    </Domn>
                </BkTxCd>
                <NtryDtls>
                    <TxDtls>
                        <Refs>
                            <AcctSvcrRef>3651300843426178</AcctSvcrRef>
                        </Refs>
                        <Amt Ccy="CHF">9.20</Amt>
                        <CdtDbtInd>DBIT</CdtDbtInd>
                    </TxDtls>
                </NtryDtls>
                <AddtlNtryInf>TWINT KAUF/DIENSTLEISTUNG VOM 31.12.2021 VON TELEFON-NR. +4179xxxxxxx BERGRESTAURANT ALP ALPENBLICK</AddtlNtryInf>
            </Ntry>
            <Ntry>
                <Amt Ccy="CHF">51.00</Amt>
                <CdtDbtInd>DBIT</CdtDbtInd>
                <RvslInd>false</RvslInd>
                <Sts>BOOK</Sts>
                <BookgDt>
                    <Dt>2021-12-31</Dt>
                </BookgDt>
                <ValDt>
                    <Dt>2021-12-31</Dt>
                </ValDt>
                <AcctSvcrRef>3651300123450016</AcctSvcrRef>
                <BkTxCd>
                    <Domn>
                        <Cd>PMNT</Cd>
                        <Fmly>
                            <Cd>CCRD</Cd>
                            <SubFmlyCd>POSD</SubFmlyCd>
                        </Fmly>
                    </Domn>
                </BkTxCd>
                <NtryDtls>
                    <TxDtls>
                        <Refs>
                            <AcctSvcrRef>3651300123450016</AcctSvcrRef>
                        </Refs>
                        <Amt Ccy="CHF">51.00</Amt>
                        <CdtDbtInd>DBIT</CdtDbtInd>
                    </TxDtls>
                </NtryDtls>
                <AddtlNtryInf>KAUF/DIENSTLEISTUNG VOM 31.12.2021 KARTEN NR. XXXX4253 BERGRESTAURANT ALP ALPENBLICK Schweiz</AddtlNtryInf>
            </Ntry>
            <Ntry>
                <Amt Ccy="CHF">12.70</Amt>
                <CdtDbtInd>DBIT</CdtDbtInd>
                <RvslInd>false</RvslInd>
                <Sts>BOOK</Sts>
                <BookgDt>
                    <Dt>2021-12-31</Dt>
                </BookgDt>
                <ValDt>
                    <Dt>2021-12-31</Dt>
                </ValDt>
                <AcctSvcrRef>3651300841297904</AcctSvcrRef>
                <BkTxCd>
                    <Domn>
                        <Cd>PMNT</Cd>
                        <Fmly>
                            <Cd>CCRD</Cd>
                            <SubFmlyCd>POSD</SubFmlyCd>
                        </Fmly>
                    </Domn>
                </BkTxCd>
                <NtryDtls>
                    <TxDtls>
                        <Refs>
                            <AcctSvcrRef>3651300841297904</AcctSvcrRef>
                        </Refs>
                        <Amt Ccy="CHF">12.70</Amt>
                        <CdtDbtInd>DBIT</CdtDbtInd>
                    </TxDtls>
                </NtryDtls>
                <AddtlNtryInf>KAUF/DIENSTLEISTUNG VOM 31.12.2021 KARTEN NR. XXXX4253 LEBE LADEN ALPENBLICK ALPENBLICK Schweiz</AddtlNtryInf>
            </Ntry>
        </Stmt>
    </BkToCstmrStmt>
</Document>